<?xml version="1.0" encoding="UTF-8"?><collection xmlns="http://www.loc.gov/MARC21/slim"><record><leader>00676nam--2200181-i-4500</leader><controlfield tag="001">000015752</controlfield><controlfield tag="002">20161230</controlfield><controlfield tag="005">20170116140213</controlfield><controlfield tag="008">060222s1000------------r-----000-0-eng-d</controlfield><datafield ind1=" " ind2=" " tag="040"><subfield code="a">IFIN-HH</subfield></datafield><datafield ind1=" " ind2=" " tag="080"><subfield code="a">539.172.17(061.3)</subfield></datafield><datafield ind1="1" ind2=" " tag="100"><subfield code="a">Berinde, Al</subfield></datafield><datafield ind1="1" ind2="0" tag="245"><subfield code="a">Atomic and Nuclear Heavy Ion Interactions</subfield><subfield code="b">Proceedings of the xv Course of the Brasov International School in Physics Poiana Brasov, Romania August 28 - September 8, 1984, First Part: Atomic Physics</subfield><subfield code="c">Al. Berinde, I.A. Dorobantu, V. Zoran (eds.)</subfield></datafield><datafield ind1=" " ind2=" " tag="260"><subfield code="a">Bucharest</subfield><subfield code="b">Central Institute Of Physics</subfield><subfield code="c">1986</subfield></datafield><datafield ind1=" " ind2=" " tag="300"><subfield code="a">482P</subfield></datafield><datafield ind1="1" ind2=" " tag="700"><subfield code="a">Zoran, V</subfield><subfield code="e">Ed</subfield></datafield><datafield ind1=" " ind2=" " tag="852"><subfield code="a">73297</subfield><subfield code="c">539.17</subfield></datafield><datafield ind1=" " ind2=" " tag="CAT"><subfield code="a">SYS</subfield><subfield code="c">20170116</subfield><subfield code="h">140213</subfield></datafield></record></collection>